%% This BibTeX bibliography file was created using BibDesk.
%% http://bibdesk.sourceforge.net/
% Encoding: UTF-8


@article{ae_examples_patient_careflow,
	title = {Patient {Careflow} {Discovery}},
	copyright = {CC-BY-NC-ND},
	url = {https://studenttheses.uu.nl/handle/20.500.12932/29558},
	language = {en},
	urldate = {2022-08-27},
	author = {Wanrooij, K. P. A. van},
	month = jul,
	year = {2018},
	note = {Accepted: 2018-07-19T17:04:31Z},
}


@article{ae_examples_treatment,
	title = {Anomaly {Detection} in {Healthcare}: {Detecting} {Erroneous} {Treatment} {Plans} in {Time} {Series} {Radiotherapy} {Data}},
	volume = {08},
	issn = {1793-351X},
	shorttitle = {Anomaly {Detection} in {Healthcare}},
	url = {https://www.worldscientific.com/doi/10.1142/S1793351X1440008X},
	doi = {10.1142/S1793351X1440008X},
	number = {03},
	urldate = {2022-08-27},
	journal = {International Journal of Semantic Computing},
	author = {Sipes, Tamara and Jiang, Steve and Moore, Kevin and Li, Nan and Karimabadi, Homa and Barr, Joseph R.},
	month = sep,
	year = {2014},
	note = {Publisher: World Scientific Publishing Co.},
	keywords = {Anomaly detection, semi-supervised learning, time series data analysis},
	pages = {257--278},
}


@article{ae_examples_fraud,
	title = {Fraud detection: {A} systematic literature review of graph-based anomaly detection approaches},
	volume = {133},
	issn = {0167-9236},
	shorttitle = {Fraud detection},
	url = {https://www.sciencedirect.com/science/article/pii/S0167923620300580},
	doi = {10.1016/j.dss.2020.113303},
	language = {en},
	urldate = {2022-08-27},
	journal = {Decision Support Systems},
	author = {Pourhabibi, Tahereh and Ong, Kok-Leong and Kam, Booi H. and Boo, Yee Ling},
	month = jun,
	year = {2020},
	keywords = {Big data analytics, Fraud detection, Graph data, Graph-based anomaly detection, Social network, Systematic literature review},
	pages = {113303},
}


@article{ae_examples_behaviour,
	title = {An approach to detect user behaviour anomalies within identity federations},
	volume = {108},
	issn = {0167-4048},
	url = {https://www.sciencedirect.com/science/article/pii/S0167404821001802},
	doi = {10.1016/j.cose.2021.102356},
	language = {en},
	urldate = {2022-08-27},
	journal = {Computers \& Security},
	author = {Martín, Alejandro G. and Beltrán, Marta and Fernández-Isabel, Alberto and Martín de Diego, Isaac},
	month = sep,
	year = {2021},
	keywords = {Anomaly detection, Behavioural fingerprint, Federated identity management, Machine learning, User and entity behaviour analytics},
	pages = {102356},
}


@misc{ae_examples_nbda,
	title = {Network {Anomaly} {Detection} and {Network} {Behavior} {Analysis} {\textbar} {Flowmon}},
	url = {https://www.flowmon.com/en/solutions/security-operations/network-behavior-analysis-anomaly-detection},
	abstract = {Network Behavior Anomaly Detection for Proactive Fight Against Cyber Threats.},
	language = {en},
	urldate = {2022-08-27},
	file = {Snapshot:/home/catonz/Zotero/storage/ZW49S2TD/network-behavior-analysis-anomaly-detection.html:text/html},
}


@inbook{ae_examples_machine_failure,
author = {Riazi, Mohammad and Zaïane, Osmar and Takeuchi, Tomoharu and Maltais, Anthony and Günther, Johannes and Lipsett, M.},
year = {2019},
month = {08},
pages = {3-12},
title = {Detecting the Onset of Machine Failure Using Anomaly Detection Methods},
isbn = {978-3-030-27519-8},
doi = {10.1007/978-3-030-27520-4_1}
}


@article{ae_examples_acoustic_failure,
	title = {Acoustic {Anomaly} {Detection} of {Mechanical} {Failures} in {Noisy} {Real}-{Life} {Factory} {Environments}},
	volume = {10},
	issn = {2079-9292},
	url = {https://www.mdpi.com/2079-9292/10/19/2329},
	doi = {10.3390/electronics10192329},
	language = {en},
	number = {19},
	urldate = {2022-08-29},
	journal = {Electronics},
	author = {Tagawa, Yuki and Maskeliūnas, Rytis and Damaševičius, Robertas},
	month = sep,
	year = {2021},
	pages = {2329},
	file = {Tagawa et al. - 2021 - Acoustic Anomaly Detection of Mechanical Failures .pdf:/home/catonz/Zotero/storage/A6KEES2N/Tagawa et al. - 2021 - Acoustic Anomaly Detection of Mechanical Failures .pdf:application/pdf},
}



@article{patel_hands-unsupervised_nodate,
	title = {Hands-{On} {Unsupervised} {Learning} {Using} {Python}},
	language = {en},
	author = {Patel, Ankur A},
	pages = {170},
}

@article{lof,
	title = {{LOF}: {Identifying} {Density}-{Based} {Local} {Outliers}},
	language = {en},
	author = {Breunig, Markus M and Kriegel, Hans-Peter and Ng, Raymond T and Sander, Jörg},
	pages = {12},
}


@inproceedings{ifor,
	address = {Pisa, Italy},
	title = {Isolation {Forest}},
	isbn = {978-0-7695-3502-9},
	url = {http://ieeexplore.ieee.org/document/4781136/},
	doi = {10.1109/ICDM.2008.17},
	language = {en},
	urldate = {2022-07-25},
	booktitle = {2008 {Eighth} {IEEE} {International} {Conference} on {Data} {Mining}},
	publisher = {IEEE},
	author = {Liu, Fei Tony and Ting, Kai Ming and Zhou, Zhi-Hua},
	month = dec,
	year = {2008},
	pages = {413--422},
	file = {Liu et al. - 2008 - Isolation Forest.pdf:/home/catonz/Zotero/storage/N93QQMIN/Liu et al. - 2008 - Isolation Forest.pdf:application/pdf},
}


@misc{tangent_line_approx,
	title = {1.8: {The} {Tangent} {Line} {Approximation}},
	shorttitle = {1.8},
	url = {https://math.libretexts.org/Under_Construction/Purgatory/Book\%3A_Active_Calculus_(Boelkins_et_al.)/01\%3A_Understanding_the_Derivative/1.08\%3A_The_Tangent_Line_Approximation},
	language = {en},
	urldate = {2022-08-09},
	journal = {Mathematics LibreTexts},
	month = jun,
	year = {2017},
}


@article{isolation_anomal,
	title = {Isolation-{Based} {Anomaly} {Detection}},
	volume = {6},
	issn = {1556-4681, 1556-472X},
	url = {https://dl.acm.org/doi/10.1145/2133360.2133363},
	doi = {10.1145/2133360.2133363},
	language = {en},
	number = {1},
	urldate = {2022-08-08},
	journal = {ACM Transactions on Knowledge Discovery from Data},
	author = {Liu, Fei Tony and Ting, Kai Ming and Zhou, Zhi-Hua},
	month = mar,
	year = {2012},
	pages = {1--39},
	file = {Liu et al. - 2012 - Isolation-Based Anomaly Detection.pdf:/home/catonz/Zotero/storage/JYKGVQE2/Liu et al. - 2012 - Isolation-Based Anomaly Detection.pdf:application/pdf},
}


@inproceedings{novel_anomal_score,
	address = {Berlin, Heidelberg},
	title = {A {Novel} {Anomaly} {Score} for {Isolation} {Forests}},
	isbn = {978-3-030-30641-0},
	url = {https://doi.org/10.1007/978-3-030-30642-7_14},
	doi = {10.1007/978-3-030-30642-7_14},
	urldate = {2022-08-08},
	booktitle = {Image {Analysis} and {Processing} – {ICIAP} 2019: 20th {International} {Conference}, {Trento}, {Italy}, {September} 9–13, 2019, {Proceedings}, {Part} {I}},
	publisher = {Springer-Verlag},
	author = {Mensi, Antonella and Bicego, Manuele},
	month = sep,
	year = {2019},
	keywords = {Isolation Forests, One-class classification, Outlier Detection, Random Forests},
	pages = {152--163},
}



@article{ifor_lof,
	address = {Chongqing China},
	title = {Outlier detection using isolation forest and local outlier factor},
	isbn = {978-1-4503-6843-8},
	url = {https://dl.acm.org/doi/10.1145/3338840.3355641},
	doi = {10.1145/3338840.3355641},
	language = {en},
	urldate = {2022-07-27},
	booktitle = {Proceedings of the {Conference} on {Research} in {Adaptive} and {Convergent} {Systems}},
	publisher = {ACM},
	author = {Cheng, Zhangyu and Zou, Chengming and Dong, Jianwei},
	month = sep,
	year = {2019},
	pages = {161--168},
	file = {Cheng et al. - 2019 - Outlier detection using isolation forest and local.pdf:/home/catonz/Zotero/storage/BDJB7RB3/Cheng et al. - 2019 - Outlier detection using isolation forest and local.pdf:application/pdf},
}

@article{extended_ifor,
  author    = {Sahand Hariri and
               Matias Carrasco Kind and
               Robert J. Brunner},
  title     = {Extended Isolation Forest},
  journal   = {CoRR},
  volume    = {abs/1811.02141},
  year      = {2018},
  url       = {http://arxiv.org/abs/1811.02141},
  eprinttype = {arXiv},
  eprint    = {1811.02141},
  timestamp = {Thu, 22 Nov 2018 17:58:30 +0100},
  biburl    = {https://dblp.org/rec/journals/corr/abs-1811-02141.bib},
  bibsource = {dblp computer science bibliography, https://dblp.org}
}

@article{pif,
	address = {Milan, Italy},
	title = {{PIF}: {Anomaly} detection via preference embedding},
	isbn = {978-1-72818-808-9},
	shorttitle = {{PIF}},
	url = {https://ieeexplore.ieee.org/document/9412658/},
	doi = {10.1109/ICPR48806.2021.9412658},
	language = {en},
	urldate = {2022-07-22},
	booktitle = {2020 25th {International} {Conference} on {Pattern} {Recognition} ({ICPR})},
	publisher = {IEEE},
	author = {Leveni, Filippo and Magri, Luca and Boracchi, Giacomo and Alippi, Cesare},
	month = jan,
	year = {2021},
	pages = {8077--8084},
}


@article{knn,
    author = {Guo, Gongde and Wang, Hui and Bell, David and Bi, Yaxin},
    year = {2004},
    month = {08},
    pages = {},
    title = {KNN Model-Based Approach in Classification}
}

@misc{ae_paper,
	title = {Autoencoders},
	url = {http://arxiv.org/abs/2003.05991},
	urldate = {2022-09-02},
	publisher = {arXiv},
	author = {Bank, Dor and Koenigstein, Noam and Giryes, Raja},
	month = apr,
	year = {2021},
	note = {arXiv:2003.05991 [cs, stat]},
	keywords = {Computer Science - Computer Vision and Pattern Recognition, Computer Science - Machine Learning, Statistics - Machine Learning},
	annote = {Comment: Book chapter},
}


@article{som_paper,
	title = {The self-organizing map},
	author = {Teuvo Kohonen},
	volume = {78},
	language = {en},
	number = {9},
	journal = {PROCEEDINGS OF THE IEEE},
	year = {1990},
	pages = {17},
}

@article{one-class-svm,
	title = {Support {Vector} {Method} for {Novelty} {Detection}},
	language = {en},
	author = {Schölkopf, Bernhard and Williamson, Robert C and Smola, Alex J and Shawe-Taylor, John and Platt, John C},
	pages = {7},
}


@misc{anom_detect_def,
	title = {Anomaly {Detection}: {Definition}, {Best} {Practices} and {Use} {Cases}},
	shorttitle = {Anomaly {Detection}},
	url = {https://datrics.ai/anomaly-detection-definition-best-practices-and-use-cases},
	urldate = {2022-08-27},
}


@misc{line_between_two_points,
	title = {L'equazione della retta passante tra due punti},
	url = {https://www.andreaminini.org/matematica/spazio-vettoriale/retta-passante-per-due-punti},
	language = {it-IT},
	urldate = {2022-08-13},
	file = {Snapshot:/home/catonz/Zotero/storage/JY6STANW/retta-passante-per-due-punti.html:text/html},
}
 @misc{plane_between_three_points,
 title = {Equazione cartesiana del piano}, url={https://www.youmath.it/lezioni/algebra-lineare/geometria-dello-spazio/682-equazione-del-piano.html} }

 @misc{sympy,
    title={SymPy},
    url={https://www.sympy.org/en/index.html}
}

 @misc{ae_anom_detect,
 title={Anomaly Detection using Autoencoders}, url={https://towardsdatascience.com/anomaly-detection-using-autoencoders-5b032178a1ea}, 
 journal={Medium},
 author={Khandelwal, Renu},
 year={2021},
 month={Jan},
 language={en}
 }



@misc{manifold,
    author = {Todd Rowland},
    title = {Manifold},
    year = {2022},
    url = {https://mathworld.wolfram.com/Manifold.html},
    urldate = {2022-07-15}
}

@article{PCA,
    title = {Principal components analysis (PCA)},
    journal = {Computers and Geosciences},
    volume = {19},
    number = {3},
    pages = {303-342},
    year = {1993},
    issn = {0098-3004},
    doi = {https://doi.org/10.1016/0098-3004(93)90090-R},
    url = {https://www.sciencedirect.com/science/article/pii/009830049390090R},
    author = {Andrzej Maćkiewicz and Waldemar Ratajczak},
    keywords = {Principal Components Analysis, Variance-covariance matrix, Coefficients of determination, Eigenvalues, Eigenvectors, Correlation matrix, Bartlett's statistics, FORTRAN 77},
}

@article{ransac,
author = {Fischler, Martin A. and Bolles, Robert C.},
title = {Random Sample Consensus: A Paradigm for Model Fitting with Applications to Image Analysis and Automated Cartography},
year = {1981},
issue_date = {June 1981},
publisher = {Association for Computing Machinery},
address = {New York, NY, USA},
volume = {24},
number = {6},
issn = {0001-0782},
url = {https://doi.org/10.1145/358669.358692},
doi = {10.1145/358669.358692},
journal = {Commun. ACM},
month = {jun},
pages = {381–395},
numpages = {15},
keywords = {model fitting, image matching, automated cartography, scene analysis, camera calibration, location determination}
}

@INPROCEEDINGS{t_linkage,
    author={Magri, Luca and Fusiello, Andrea},
    booktitle={2014 IEEE Conference on Computer Vision and Pattern Recognition},
    title={T-Linkage: A Continuous Relaxation of J-Linkage for Multi-model Fitting},
    year={2014},
    volume={},
    number={},
    pages={3954-3961},
    doi={10.1109/CVPR.2014.505}
}

@inproceedings{j_linkage,
    author = {Toldo, Roberto and Fusiello, Andrea},
    year = {2008},
    month = {10},
    pages = {537-547},
    title = {Robust Multiple Structures Estimation with J-Linkage},
    volume = {5302},
    journal = {ECCV},
    doi = {10.1007/978-3-540-88682-2\_41}
}


@article{tanimoto,
    author = {David J. Rogers  and Taffee T. Tanimoto },
    title = {A Computer Program for Classifying Plants},
    journal = {Science},
    volume = {132},
    number = {3434},
    pages = {1115-1118},
    year = {1960},
    doi = {10.1126/science.132.3434.1115},
    URL = {https://www.science.org/doi/abs/10.1126/science.132.3434.1115},
    eprint = {https://www.science.org/doi/pdf/10.1126/science.132.3434.1115}
}


@article{ad_survey,
	title = {Anomaly detection: {A} survey},
	volume = {41},
	issn = {0360-0300, 1557-7341},
	shorttitle = {Anomaly detection},
	url = {https://dl.acm.org/doi/10.1145/1541880.1541882},
	doi = {10.1145/1541880.1541882},
	language = {en},
	number = {3},
	urldate = {2022-09-05},
	journal = {ACM Computing Surveys},
	author = {Chandola, Varun and Banerjee, Arindam and Kumar, Vipin},
	month = jul,
	year = {2009},
	pages = {1--58},
}

 @misc{plane_local_approx,    url={https://tutorial.math.lamar.edu/Classes/CalcIII/GradientVectorTangentPlane.aspx}
 }
 
 @book{ae_reconstruction,
	address = {Philadelphia, PA},
	title = {Proceedings of the 2017 {SIAM} {International} {Conference} on {Data} {Mining}},
	isbn = {978-1-61197-497-3},
	url = {https://epubs.siam.org/doi/book/10.1137/1.9781611974973},
	language = {en},
	urldate = {2022-09-05},
	publisher = {Society for Industrial and Applied Mathematics},
	editor = {Chawla, Nitesh and Wang, Wei},
	month = jun,
	year = {2017},
	doi = {10.1137/1.9781611974973},
	file = {Chawla e Wang - 2017 - Proceedings of the 2017 SIAM International Confere.pdf:/home/catonz/Zotero/storage/AIVXXRVT/Chawla e Wang - 2017 - Proceedings of the 2017 SIAM International Confere.pdf:application/pdf},
}

@inproceedings{ad_classific,
author = {Abe, Naoki and Zadrozny, Bianca and Langford, John},
year = {2006},
month = {01},
pages = {504-509},
title = {Outlier detection by active learning},
volume = {2006},
journal = {Proceedings of the ACM SIGKDD International Conference on Knowledge Discovery and Data Mining},
doi = {10.1145/1150402.1150459}
}

@article{clustering_based_ad,
	title = {Discovering {Cluster} {Based} {Local} {Outliers}},
	volume = {2003},
	journal = {Pattern Recognition Letters},
	author = {He, Zengyou and Xu, Xiaofei and Deng, Shengchun},
	year = {2003},
	pages = {9--10},
	file = {Citeseer - Full Text PDF:/home/catonz/Zotero/storage/SEN8EZUD/He et al. - 2003 - Discovering Cluster Based Local Outliers.pdf:application/pdf;Citeseer - Snapshot:/home/catonz/Zotero/storage/EIXI7PNR/download.html:text/html},
}